%YAML 1.1
%TAG !u! tag:unity3d.com,2011:
--- !u!1001 &100100000
Prefab:
  m_ObjectHideFlags: 1
  serializedVersion: 2
  m_Modification:
    m_TransformParent: {fileID: 0}
    m_Modifications: []
    m_RemovedComponents: []
  m_ParentPrefab: {fileID: 0}
  m_RootGameObject: {fileID: 1887379112075794}
  m_IsPrefabParent: 1
--- !u!1 &1003272450063476
GameObject:
  m_ObjectHideFlags: 1
  m_PrefabParentObject: {fileID: 0}
  m_PrefabInternal: {fileID: 100100000}
  serializedVersion: 5
  m_Component:
  - component: {fileID: 4230818661116778}
  m_Layer: 0
  m_Name: Bone_016
  m_TagString: Untagged
  m_Icon: {fileID: 0}
  m_NavMeshLayer: 0
  m_StaticEditorFlags: 0
  m_IsActive: 1
--- !u!1 &1047587753005534
GameObject:
  m_ObjectHideFlags: 0
  m_PrefabParentObject: {fileID: 0}
  m_PrefabInternal: {fileID: 100100000}
  serializedVersion: 5
  m_Component:
  - component: {fileID: 4045210241866582}
  - component: {fileID: 137648343701705196}
  m_Layer: 0
  m_Name: Body
  m_TagString: Untagged
  m_Icon: {fileID: 0}
  m_NavMeshLayer: 0
  m_StaticEditorFlags: 0
  m_IsActive: 1
--- !u!1 &1079815908947414
GameObject:
  m_ObjectHideFlags: 1
  m_PrefabParentObject: {fileID: 0}
  m_PrefabInternal: {fileID: 100100000}
  serializedVersion: 5
  m_Component:
  - component: {fileID: 4131978984157300}
  m_Layer: 0
  m_Name: Bone_005
  m_TagString: Untagged
  m_Icon: {fileID: 0}
  m_NavMeshLayer: 0
  m_StaticEditorFlags: 0
  m_IsActive: 1
--- !u!1 &1100745526338202
GameObject:
  m_ObjectHideFlags: 1
  m_PrefabParentObject: {fileID: 0}
  m_PrefabInternal: {fileID: 100100000}
  serializedVersion: 5
  m_Component:
  - component: {fileID: 4282478220254142}
  m_Layer: 0
  m_Name: Bone_015
  m_TagString: Untagged
  m_Icon: {fileID: 0}
  m_NavMeshLayer: 0
  m_StaticEditorFlags: 0
  m_IsActive: 1
--- !u!1 &1117314636997734
GameObject:
  m_ObjectHideFlags: 1
  m_PrefabParentObject: {fileID: 0}
  m_PrefabInternal: {fileID: 100100000}
  serializedVersion: 5
  m_Component:
  - component: {fileID: 4924400438851208}
  m_Layer: 0
  m_Name: Bone_021
  m_TagString: Untagged
  m_Icon: {fileID: 0}
  m_NavMeshLayer: 0
  m_StaticEditorFlags: 0
  m_IsActive: 1
--- !u!1 &1156515957349112
GameObject:
  m_ObjectHideFlags: 1
  m_PrefabParentObject: {fileID: 0}
  m_PrefabInternal: {fileID: 100100000}
  serializedVersion: 5
  m_Component:
  - component: {fileID: 4219906469873350}
  m_Layer: 0
  m_Name: Bone_007
  m_TagString: Untagged
  m_Icon: {fileID: 0}
  m_NavMeshLayer: 0
  m_StaticEditorFlags: 0
  m_IsActive: 1
--- !u!1 &1224465245203384
GameObject:
  m_ObjectHideFlags: 1
  m_PrefabParentObject: {fileID: 0}
  m_PrefabInternal: {fileID: 100100000}
  serializedVersion: 5
  m_Component:
  - component: {fileID: 4618370889604198}
  m_Layer: 0
  m_Name: Bone_002
  m_TagString: Untagged
  m_Icon: {fileID: 0}
  m_NavMeshLayer: 0
  m_StaticEditorFlags: 0
  m_IsActive: 1
--- !u!1 &1256970027653664
GameObject:
  m_ObjectHideFlags: 1
  m_PrefabParentObject: {fileID: 0}
  m_PrefabInternal: {fileID: 100100000}
  serializedVersion: 5
  m_Component:
  - component: {fileID: 4928552740453230}
  m_Layer: 0
  m_Name: Bone_023
  m_TagString: Untagged
  m_Icon: {fileID: 0}
  m_NavMeshLayer: 0
  m_StaticEditorFlags: 0
  m_IsActive: 1
--- !u!1 &1274268149349188
GameObject:
  m_ObjectHideFlags: 1
  m_PrefabParentObject: {fileID: 0}
  m_PrefabInternal: {fileID: 100100000}
  serializedVersion: 5
  m_Component:
  - component: {fileID: 4355870885411596}
  m_Layer: 0
  m_Name: Bone_012
  m_TagString: Untagged
  m_Icon: {fileID: 0}
  m_NavMeshLayer: 0
  m_StaticEditorFlags: 0
  m_IsActive: 1
--- !u!1 &1303728667493644
GameObject:
  m_ObjectHideFlags: 1
  m_PrefabParentObject: {fileID: 0}
  m_PrefabInternal: {fileID: 100100000}
  serializedVersion: 5
  m_Component:
  - component: {fileID: 4769997378755840}
  m_Layer: 0
  m_Name: Bone_008
  m_TagString: Untagged
  m_Icon: {fileID: 0}
  m_NavMeshLayer: 0
  m_StaticEditorFlags: 0
  m_IsActive: 1
--- !u!1 &1307190736452952
GameObject:
  m_ObjectHideFlags: 1
  m_PrefabParentObject: {fileID: 0}
  m_PrefabInternal: {fileID: 100100000}
  serializedVersion: 5
  m_Component:
  - component: {fileID: 4374470650003978}
  m_Layer: 0
  m_Name: Bone_018
  m_TagString: Untagged
  m_Icon: {fileID: 0}
  m_NavMeshLayer: 0
  m_StaticEditorFlags: 0
  m_IsActive: 1
--- !u!1 &1321219482489656
GameObject:
  m_ObjectHideFlags: 0
  m_PrefabParentObject: {fileID: 0}
  m_PrefabInternal: {fileID: 100100000}
  serializedVersion: 5
  m_Component:
  - component: {fileID: 4313972552561454}
  - component: {fileID: 137397453765656246}
  m_Layer: 0
  m_Name: Circle
  m_TagString: Untagged
  m_Icon: {fileID: 0}
  m_NavMeshLayer: 0
  m_StaticEditorFlags: 0
  m_IsActive: 1
--- !u!1 &1369498766295454
GameObject:
  m_ObjectHideFlags: 1
  m_PrefabParentObject: {fileID: 0}
  m_PrefabInternal: {fileID: 100100000}
  serializedVersion: 5
  m_Component:
  - component: {fileID: 4259821360047044}
  m_Layer: 0
  m_Name: Bone_020
  m_TagString: Untagged
  m_Icon: {fileID: 0}
  m_NavMeshLayer: 0
  m_StaticEditorFlags: 0
  m_IsActive: 1
--- !u!1 &1371746290830958
GameObject:
  m_ObjectHideFlags: 1
  m_PrefabParentObject: {fileID: 0}
  m_PrefabInternal: {fileID: 100100000}
  serializedVersion: 5
  m_Component:
  - component: {fileID: 4673885382571284}
  m_Layer: 0
  m_Name: Bone_019
  m_TagString: Untagged
  m_Icon: {fileID: 0}
  m_NavMeshLayer: 0
  m_StaticEditorFlags: 0
  m_IsActive: 1
--- !u!1 &1379476793710370
GameObject:
  m_ObjectHideFlags: 1
  m_PrefabParentObject: {fileID: 0}
  m_PrefabInternal: {fileID: 100100000}
  serializedVersion: 5
  m_Component:
  - component: {fileID: 4949732815592584}
  m_Layer: 0
  m_Name: Bone
  m_TagString: Untagged
  m_Icon: {fileID: 0}
  m_NavMeshLayer: 0
  m_StaticEditorFlags: 0
  m_IsActive: 1
--- !u!1 &1495585803518728
GameObject:
  m_ObjectHideFlags: 0
  m_PrefabParentObject: {fileID: 0}
  m_PrefabInternal: {fileID: 100100000}
  serializedVersion: 5
  m_Component:
  - component: {fileID: 4218210176495322}
  - component: {fileID: 137501087658856544}
  m_Layer: 0
  m_Name: Sphere
  m_TagString: Untagged
  m_Icon: {fileID: 0}
  m_NavMeshLayer: 0
  m_StaticEditorFlags: 0
  m_IsActive: 1
--- !u!1 &1528688762349312
GameObject:
  m_ObjectHideFlags: 1
  m_PrefabParentObject: {fileID: 0}
  m_PrefabInternal: {fileID: 100100000}
  serializedVersion: 5
  m_Component:
  - component: {fileID: 4119102785403424}
  m_Layer: 0
  m_Name: Bone_010
  m_TagString: Untagged
  m_Icon: {fileID: 0}
  m_NavMeshLayer: 0
  m_StaticEditorFlags: 0
  m_IsActive: 1
--- !u!1 &1558057926392082
GameObject:
  m_ObjectHideFlags: 0
  m_PrefabParentObject: {fileID: 0}
  m_PrefabInternal: {fileID: 100100000}
  serializedVersion: 5
  m_Component:
  - component: {fileID: 4112766575509106}
  - component: {fileID: 137247444421833040}
  m_Layer: 0
  m_Name: Circle_001
  m_TagString: Untagged
  m_Icon: {fileID: 0}
  m_NavMeshLayer: 0
  m_StaticEditorFlags: 0
  m_IsActive: 1
--- !u!1 &1587594640341008
GameObject:
  m_ObjectHideFlags: 1
  m_PrefabParentObject: {fileID: 0}
  m_PrefabInternal: {fileID: 100100000}
  serializedVersion: 5
  m_Component:
  - component: {fileID: 4265994382876514}
  m_Layer: 0
  m_Name: Bone_004
  m_TagString: Untagged
  m_Icon: {fileID: 0}
  m_NavMeshLayer: 0
  m_StaticEditorFlags: 0
  m_IsActive: 1
--- !u!1 &1695201205195684
GameObject:
  m_ObjectHideFlags: 0
  m_PrefabParentObject: {fileID: 0}
  m_PrefabInternal: {fileID: 100100000}
  serializedVersion: 5
  m_Component:
  - component: {fileID: 4662664123600486}
  - component: {fileID: 137653608596797264}
  m_Layer: 0
  m_Name: topi_maleng
  m_TagString: Untagged
  m_Icon: {fileID: 0}
  m_NavMeshLayer: 0
  m_StaticEditorFlags: 0
  m_IsActive: 1
--- !u!1 &1717007316140448
GameObject:
  m_ObjectHideFlags: 0
  m_PrefabParentObject: {fileID: 0}
  m_PrefabInternal: {fileID: 100100000}
  serializedVersion: 5
  m_Component:
  - component: {fileID: 4732981860192614}
  m_Layer: 0
  m_Name: Armature
  m_TagString: Untagged
  m_Icon: {fileID: 0}
  m_NavMeshLayer: 0
  m_StaticEditorFlags: 0
  m_IsActive: 1
--- !u!1 &1729117980137166
GameObject:
  m_ObjectHideFlags: 1
  m_PrefabParentObject: {fileID: 0}
  m_PrefabInternal: {fileID: 100100000}
  serializedVersion: 5
  m_Component:
  - component: {fileID: 4780593254095758}
  m_Layer: 0
  m_Name: Bone_009
  m_TagString: Untagged
  m_Icon: {fileID: 0}
  m_NavMeshLayer: 0
  m_StaticEditorFlags: 0
  m_IsActive: 1
--- !u!1 &1761450839467252
GameObject:
  m_ObjectHideFlags: 1
  m_PrefabParentObject: {fileID: 0}
  m_PrefabInternal: {fileID: 100100000}
  serializedVersion: 5
  m_Component:
  - component: {fileID: 4642949296800230}
  m_Layer: 0
  m_Name: Bone_017
  m_TagString: Untagged
  m_Icon: {fileID: 0}
  m_NavMeshLayer: 0
  m_StaticEditorFlags: 0
  m_IsActive: 1
--- !u!1 &1887379112075794
GameObject:
  m_ObjectHideFlags: 0
  m_PrefabParentObject: {fileID: 0}
  m_PrefabInternal: {fileID: 100100000}
  serializedVersion: 5
  m_Component:
  - component: {fileID: 4012070990789866}
  - component: {fileID: 95256785187135500}
  m_Layer: 0
  m_Name: MalingDummy
  m_TagString: Untagged
  m_Icon: {fileID: 0}
  m_NavMeshLayer: 0
  m_StaticEditorFlags: 0
  m_IsActive: 0
--- !u!1 &1905640048296294
GameObject:
  m_ObjectHideFlags: 1
  m_PrefabParentObject: {fileID: 0}
  m_PrefabInternal: {fileID: 100100000}
  serializedVersion: 5
  m_Component:
  - component: {fileID: 4147908156333598}
  m_Layer: 0
  m_Name: Bone_006
  m_TagString: Untagged
  m_Icon: {fileID: 0}
  m_NavMeshLayer: 0
  m_StaticEditorFlags: 0
  m_IsActive: 1
--- !u!1 &1911665943034358
GameObject:
  m_ObjectHideFlags: 1
  m_PrefabParentObject: {fileID: 0}
  m_PrefabInternal: {fileID: 100100000}
  serializedVersion: 5
  m_Component:
  - component: {fileID: 4135349668381610}
  m_Layer: 0
  m_Name: Bone_003
  m_TagString: Untagged
  m_Icon: {fileID: 0}
  m_NavMeshLayer: 0
  m_StaticEditorFlags: 0
  m_IsActive: 1
--- !u!1 &1932316328264668
GameObject:
  m_ObjectHideFlags: 1
  m_PrefabParentObject: {fileID: 0}
  m_PrefabInternal: {fileID: 100100000}
  serializedVersion: 5
  m_Component:
  - component: {fileID: 4115334873426858}
  m_Layer: 0
  m_Name: Bone_001
  m_TagString: Untagged
  m_Icon: {fileID: 0}
  m_NavMeshLayer: 0
  m_StaticEditorFlags: 0
  m_IsActive: 1
--- !u!1 &1956406105298428
GameObject:
  m_ObjectHideFlags: 1
  m_PrefabParentObject: {fileID: 0}
  m_PrefabInternal: {fileID: 100100000}
  serializedVersion: 5
  m_Component:
  - component: {fileID: 4441103115093190}
  m_Layer: 0
  m_Name: Bone_022
  m_TagString: Untagged
  m_Icon: {fileID: 0}
  m_NavMeshLayer: 0
  m_StaticEditorFlags: 0
  m_IsActive: 1
--- !u!1 &1992407259491000
GameObject:
  m_ObjectHideFlags: 1
  m_PrefabParentObject: {fileID: 0}
  m_PrefabInternal: {fileID: 100100000}
  serializedVersion: 5
  m_Component:
  - component: {fileID: 4181693998039474}
  m_Layer: 0
  m_Name: Bone_011
  m_TagString: Untagged
  m_Icon: {fileID: 0}
  m_NavMeshLayer: 0
  m_StaticEditorFlags: 0
  m_IsActive: 1
--- !u!4 &4012070990789866
Transform:
  m_ObjectHideFlags: 1
  m_PrefabParentObject: {fileID: 0}
  m_PrefabInternal: {fileID: 100100000}
  m_GameObject: {fileID: 1887379112075794}
  m_LocalRotation: {x: 0, y: 0, z: 0, w: 1}
  m_LocalPosition: {x: -0.27, y: 1.3, z: -28.98}
  m_LocalScale: {x: 3, y: 3, z: 3}
  m_Children:
  - {fileID: 4732981860192614}
  - {fileID: 4045210241866582}
  - {fileID: 4313972552561454}
  - {fileID: 4112766575509106}
  - {fileID: 4218210176495322}
  - {fileID: 4662664123600486}
  m_Father: {fileID: 0}
  m_RootOrder: 0
  m_LocalEulerAnglesHint: {x: 0, y: 0, z: 0}
--- !u!4 &4045210241866582
Transform:
  m_ObjectHideFlags: 1
  m_PrefabParentObject: {fileID: 0}
  m_PrefabInternal: {fileID: 100100000}
  m_GameObject: {fileID: 1047587753005534}
  m_LocalRotation: {x: 0, y: 0.000000059604645, z: -0, w: 1}
  m_LocalPosition: {x: 0.032255292, y: 4.914579, z: -5.3978205}
  m_LocalScale: {x: 13.768689, y: 13.768689, z: 13.768689}
  m_Children: []
  m_Father: {fileID: 4012070990789866}
  m_RootOrder: 1
  m_LocalEulerAnglesHint: {x: 0, y: 0, z: 0}
--- !u!4 &4112766575509106
Transform:
  m_ObjectHideFlags: 1
  m_PrefabParentObject: {fileID: 0}
  m_PrefabInternal: {fileID: 100100000}
  m_GameObject: {fileID: 1558057926392082}
  m_LocalRotation: {x: -2.410766e-18, y: -7.06791e-10, z: 0.00000004597656, w: 1}
  m_LocalPosition: {x: -2.5980065, y: 5.7599697, z: -5.1965423}
  m_LocalScale: {x: 2.534351, y: 2.534351, z: 2.534351}
  m_Children: []
  m_Father: {fileID: 4012070990789866}
  m_RootOrder: 3
  m_LocalEulerAnglesHint: {x: 0, y: 0, z: 0}
--- !u!4 &4115334873426858
Transform:
  m_ObjectHideFlags: 1
  m_PrefabParentObject: {fileID: 0}
  m_PrefabInternal: {fileID: 100100000}
  m_GameObject: {fileID: 1932316328264668}
  m_LocalRotation: {x: 0.0027854557, y: -0.26064363, z: 0.0042413943, w: 0.96542174}
  m_LocalPosition: {x: -1.4542977, y: 0.00000010896201, z: 0}
  m_LocalScale: {x: 0.9999998, y: 1, z: 0.9999998}
  m_Children:
  - {fileID: 4618370889604198}
  m_Father: {fileID: 4949732815592584}
  m_RootOrder: 0
  m_LocalEulerAnglesHint: {x: 0, y: 0, z: 0}
--- !u!4 &4119102785403424
Transform:
  m_ObjectHideFlags: 1
  m_PrefabParentObject: {fileID: 0}
  m_PrefabInternal: {fileID: 100100000}
  m_GameObject: {fileID: 1528688762349312}
  m_LocalRotation: {x: -0.00000008593164, y: -0.031836957, z: 0.000000022770703, w: 0.9994931}
  m_LocalPosition: {x: -2.2376475, y: 0.00000017881393, z: 0.00000017881393}
  m_LocalScale: {x: 0.9999999, y: 0.99999976, z: 0.9999999}
  m_Children: []
  m_Father: {fileID: 4769997378755840}
  m_RootOrder: 0
  m_LocalEulerAnglesHint: {x: 0, y: 0, z: 0}
--- !u!4 &4131978984157300
Transform:
  m_ObjectHideFlags: 1
  m_PrefabParentObject: {fileID: 0}
  m_PrefabInternal: {fileID: 100100000}
  m_GameObject: {fileID: 1079815908947414}
  m_LocalRotation: {x: -0.37005332, y: -0.58519894, z: 0.3576968, w: 0.6266225}
  m_LocalPosition: {x: -4.412383, y: 0.0000005364418, z: -0.0000013969839}
  m_LocalScale: {x: 1.0000004, y: 1.0000002, z: 1.0000001}
  m_Children:
  - {fileID: 4219906469873350}
  m_Father: {fileID: 4135349668381610}
  m_RootOrder: 0
  m_LocalEulerAnglesHint: {x: 0, y: 0, z: 0}
--- !u!4 &4135349668381610
Transform:
  m_ObjectHideFlags: 1
  m_PrefabParentObject: {fileID: 0}
  m_PrefabInternal: {fileID: 100100000}
  m_GameObject: {fileID: 1911665943034358}
  m_LocalRotation: {x: -0.48891217, y: -0.5096965, z: 0.47352588, w: 0.5262582}
  m_LocalPosition: {x: -3.6833398, y: 0.0000003054738, z: -0.00000020943116}
  m_LocalScale: {x: 1.0000004, y: 0.9999999, z: 0.9999997}
  m_Children:
  - {fileID: 4131978984157300}
  m_Father: {fileID: 4618370889604198}
  m_RootOrder: 0
  m_LocalEulerAnglesHint: {x: 0, y: 0, z: 0}
--- !u!4 &4147908156333598
Transform:
  m_ObjectHideFlags: 1
  m_PrefabParentObject: {fileID: 0}
  m_PrefabInternal: {fileID: 100100000}
  m_GameObject: {fileID: 1905640048296294}
  m_LocalRotation: {x: 0.3069053, y: -0.6274713, z: -0.3102227, w: 0.6448649}
  m_LocalPosition: {x: -4.412383, y: 0.0000013411045, z: 0.00000023841858}
  m_LocalScale: {x: 1.0000002, y: 1.0000001, z: 1.0000001}
  m_Children:
  - {fileID: 4769997378755840}
  m_Father: {fileID: 4265994382876514}
  m_RootOrder: 0
  m_LocalEulerAnglesHint: {x: 0, y: 0, z: 0}
--- !u!4 &4181693998039474
Transform:
  m_ObjectHideFlags: 1
  m_PrefabParentObject: {fileID: 0}
  m_PrefabInternal: {fileID: 100100000}
  m_GameObject: {fileID: 1992407259491000}
  m_LocalRotation: {x: 2.3283064e-10, y: 0.0000000051222755, z: -1.1641535e-10, w: 1}
  m_LocalPosition: {x: -3.6833398, y: 0.0000003054738, z: -0.00000020943116}
  m_LocalScale: {x: 0.9999998, y: 1, z: 1.0000001}
  m_Children:
  - {fileID: 4355870885411596}
  m_Father: {fileID: 4618370889604198}
  m_RootOrder: 2
  m_LocalEulerAnglesHint: {x: 0, y: 0, z: 0}
--- !u!4 &4218210176495322
Transform:
  m_ObjectHideFlags: 1
  m_PrefabParentObject: {fileID: 0}
  m_PrefabInternal: {fileID: 100100000}
  m_GameObject: {fileID: 1495585803518728}
  m_LocalRotation: {x: -0.00000018626449, y: 0.000000056345026, z: 0.000000045634813,
    w: 1}
  m_LocalPosition: {x: -0.005547166, y: -3.31218, z: 6.0799966}
  m_LocalScale: {x: 10.777511, y: 10.777512, z: 10.777516}
  m_Children: []
  m_Father: {fileID: 4012070990789866}
  m_RootOrder: 4
  m_LocalEulerAnglesHint: {x: 0, y: 0, z: 0}
--- !u!4 &4219906469873350
Transform:
  m_ObjectHideFlags: 1
  m_PrefabParentObject: {fileID: 0}
  m_PrefabInternal: {fileID: 100100000}
  m_GameObject: {fileID: 1156515957349112}
  m_LocalRotation: {x: 0.00000010338302, y: 0.030536562, z: -0.000000013873646, w: 0.99953365}
  m_LocalPosition: {x: -3.140632, y: -0.00000012665987, z: -0.000000029802322}
  m_LocalScale: {x: 0.9999996, y: 0.9999998, z: 0.99999946}
  m_Children:
  - {fileID: 4780593254095758}
  m_Father: {fileID: 4131978984157300}
  m_RootOrder: 0
  m_LocalEulerAnglesHint: {x: 0, y: 0, z: 0}
--- !u!4 &4230818661116778
Transform:
  m_ObjectHideFlags: 1
  m_PrefabParentObject: {fileID: 0}
  m_PrefabInternal: {fileID: 100100000}
  m_GameObject: {fileID: 1003272450063476}
  m_LocalRotation: {x: 0.00000012324928, y: 0.8025722, z: -0.000000098869585, w: 0.596555}
  m_LocalPosition: {x: -1.0494262, y: 2.8808494, z: 0}
  m_LocalScale: {x: 1, y: 1, z: 0.99999976}
  m_Children:
  - {fileID: 4374470650003978}
  m_Father: {fileID: 4949732815592584}
  m_RootOrder: 2
  m_LocalEulerAnglesHint: {x: 0, y: 0, z: 0}
--- !u!4 &4259821360047044
Transform:
  m_ObjectHideFlags: 1
  m_PrefabParentObject: {fileID: 0}
  m_PrefabInternal: {fileID: 100100000}
  m_GameObject: {fileID: 1369498766295454}
  m_LocalRotation: {x: 0.74319744, y: -0.0000007025304, z: 0.66907215, w: 0.0000006512175}
  m_LocalPosition: {x: -2.6102114, y: 0.00000006444277, z: -0.000000031561967}
  m_LocalScale: {x: 1.0000004, y: 1, z: 0.99999976}
  m_Children: []
  m_Father: {fileID: 4374470650003978}
  m_RootOrder: 0
  m_LocalEulerAnglesHint: {x: 0, y: 0, z: 0}
--- !u!4 &4265994382876514
Transform:
  m_ObjectHideFlags: 1
  m_PrefabParentObject: {fileID: 0}
  m_PrefabInternal: {fileID: 100100000}
  m_GameObject: {fileID: 1587594640341008}
  m_LocalRotation: {x: 0.48891205, y: -0.5096966, z: -0.4735259, w: 0.5262581}
  m_LocalPosition: {x: -3.6833398, y: 0.0000003054738, z: -0.00000020943116}
  m_LocalScale: {x: 1.0000006, y: 0.99999994, z: 1.0000001}
  m_Children:
  - {fileID: 4147908156333598}
  m_Father: {fileID: 4618370889604198}
  m_RootOrder: 1
  m_LocalEulerAnglesHint: {x: 0, y: 0, z: 0}
--- !u!4 &4282478220254142
Transform:
  m_ObjectHideFlags: 1
  m_PrefabParentObject: {fileID: 0}
  m_PrefabInternal: {fileID: 100100000}
  m_GameObject: {fileID: 1100745526338202}
  m_LocalRotation: {x: 0.00000008601956, y: 0.90462285, z: -0.0000000037033485, w: -0.42621294}
  m_LocalPosition: {x: -1.0494272, y: -2.880846, z: 0}
  m_LocalScale: {x: 0.9999997, y: 0.9999994, z: 0.9999996}
  m_Children:
  - {fileID: 4642949296800230}
  m_Father: {fileID: 4949732815592584}
  m_RootOrder: 1
  m_LocalEulerAnglesHint: {x: 0, y: 0, z: 0}
--- !u!4 &4313972552561454
Transform:
  m_ObjectHideFlags: 1
  m_PrefabParentObject: {fileID: 0}
  m_PrefabInternal: {fileID: 100100000}
  m_GameObject: {fileID: 1321219482489656}
  m_LocalRotation: {x: 0, y: 0, z: 0.000000016687492, w: 1}
  m_LocalPosition: {x: 2.5656881, y: 5.75997, z: -5.1965423}
  m_LocalScale: {x: 2.534351, y: 2.534351, z: 2.534351}
  m_Children: []
  m_Father: {fileID: 4012070990789866}
  m_RootOrder: 2
  m_LocalEulerAnglesHint: {x: 0, y: 0, z: 0}
--- !u!4 &4355870885411596
Transform:
  m_ObjectHideFlags: 1
  m_PrefabParentObject: {fileID: 0}
  m_PrefabInternal: {fileID: 100100000}
  m_GameObject: {fileID: 1274268149349188}
  m_LocalRotation: {x: 0.002213331, y: 0.08584204, z: -0.0022781724, w: 0.99630374}
  m_LocalPosition: {x: -1.3673773, y: 0.000000067055225, z: 0.0000006451737}
  m_LocalScale: {x: 0.9999996, y: 0.9999994, z: 0.99999976}
  m_Children: []
  m_Father: {fileID: 4181693998039474}
  m_RootOrder: 0
  m_LocalEulerAnglesHint: {x: 0, y: 0, z: 0}
--- !u!4 &4374470650003978
Transform:
  m_ObjectHideFlags: 1
  m_PrefabParentObject: {fileID: 0}
  m_PrefabInternal: {fileID: 100100000}
  m_GameObject: {fileID: 1307190736452952}
  m_LocalRotation: {x: -0.000000059275745, y: 0.32091686, z: -0.000000053831172, w: 0.9471074}
  m_LocalPosition: {x: -2.7672155, y: 0.00000011404026, z: -0.0000000831036}
  m_LocalScale: {x: 1, y: 0.99999994, z: 1.0000001}
  m_Children:
  - {fileID: 4259821360047044}
  m_Father: {fileID: 4230818661116778}
  m_RootOrder: 0
  m_LocalEulerAnglesHint: {x: 0, y: 0, z: 0}
--- !u!4 &4441103115093190
Transform:
  m_ObjectHideFlags: 1
  m_PrefabParentObject: {fileID: 0}
  m_PrefabInternal: {fileID: 100100000}
  m_GameObject: {fileID: 1956406105298428}
  m_LocalRotation: {x: 0, y: -0, z: -0.7071067, w: 0.7071068}
  m_LocalPosition: {x: 2.90911, y: 4.9714656, z: -5.3774266}
  m_LocalScale: {x: 0.011703258, y: 0.011703258, z: 0.011703258}
  m_Children: []
  m_Father: {fileID: 4732981860192614}
  m_RootOrder: 2
  m_LocalEulerAnglesHint: {x: 0, y: 0, z: 0}
--- !u!4 &4618370889604198
Transform:
  m_ObjectHideFlags: 1
  m_PrefabParentObject: {fileID: 0}
  m_PrefabInternal: {fileID: 100100000}
  m_GameObject: {fileID: 1224465245203384}
  m_LocalRotation: {x: 0.0074037258, y: -0.017740749, z: 0.008315724, w: 0.99978065}
  m_LocalPosition: {x: -3.633178, y: 0.00000028428622, z: 0.00000014148645}
  m_LocalScale: {x: 1, y: 0.99999934, z: 0.99999994}
  m_Children:
  - {fileID: 4135349668381610}
  - {fileID: 4265994382876514}
  - {fileID: 4181693998039474}
  m_Father: {fileID: 4115334873426858}
  m_RootOrder: 0
  m_LocalEulerAnglesHint: {x: 0, y: 0, z: 0}
--- !u!4 &4642949296800230
Transform:
  m_ObjectHideFlags: 1
  m_PrefabParentObject: {fileID: 0}
  m_PrefabInternal: {fileID: 100100000}
  m_GameObject: {fileID: 1761450839467252}
  m_LocalRotation: {x: -0.00000017804233, y: 0.22786942, z: -0.00000017266723, w: 0.9736917}
  m_LocalPosition: {x: -2.7672155, y: 0.00000027952933, z: -0.00000020279505}
  m_LocalScale: {x: 1, y: 1, z: 0.9999998}
  m_Children:
  - {fileID: 4673885382571284}
  m_Father: {fileID: 4282478220254142}
  m_RootOrder: 0
  m_LocalEulerAnglesHint: {x: 0, y: 0, z: 0}
--- !u!4 &4662664123600486
Transform:
  m_ObjectHideFlags: 1
  m_PrefabParentObject: {fileID: 0}
  m_PrefabInternal: {fileID: 100100000}
  m_GameObject: {fileID: 1695201205195684}
  m_LocalRotation: {x: -0.13627124, y: 0.0015267527, z: 0.0021368277, w: 0.9906681}
  m_LocalPosition: {x: 0.0503062, y: -0.87651634, z: 18.714422}
  m_LocalScale: {x: 15.771591, y: 16.644629, z: 18.47028}
  m_Children: []
  m_Father: {fileID: 4012070990789866}
  m_RootOrder: 5
  m_LocalEulerAnglesHint: {x: 0, y: 0, z: 0}
--- !u!4 &4673885382571284
Transform:
  m_ObjectHideFlags: 1
  m_PrefabParentObject: {fileID: 0}
  m_PrefabInternal: {fileID: 100100000}
  m_GameObject: {fileID: 1371746290830958}
  m_LocalRotation: {x: 0.74319744, y: -0.0000007207635, z: 0.66907215, w: 0.0000004800691}
  m_LocalPosition: {x: -2.610211, y: 0.00000006117176, z: 0.00000020627994}
  m_LocalScale: {x: 1, y: 0.9999998, z: 1.0000001}
  m_Children: []
  m_Father: {fileID: 4642949296800230}
  m_RootOrder: 0
  m_LocalEulerAnglesHint: {x: 0, y: 0, z: 0}
--- !u!4 &4732981860192614
Transform:
  m_ObjectHideFlags: 1
  m_PrefabParentObject: {fileID: 0}
  m_PrefabInternal: {fileID: 100100000}
  m_GameObject: {fileID: 1717007316140448}
  m_LocalRotation: {x: -0.7071068, y: 0, z: -0, w: 0.7071068}
  m_LocalPosition: {x: 0.058117177, y: 0.18185928, z: 0.1719918}
  m_LocalScale: {x: 0.034996208, y: 0.034996208, z: 0.034996208}
  m_Children:
  - {fileID: 4949732815592584}
  - {fileID: 4924400438851208}
  - {fileID: 4441103115093190}
  - {fileID: 4928552740453230}
  m_Father: {fileID: 4012070990789866}
  m_RootOrder: 0
  m_LocalEulerAnglesHint: {x: 0, y: 0, z: 0}
--- !u!4 &4769997378755840
Transform:
  m_ObjectHideFlags: 1
  m_PrefabParentObject: {fileID: 0}
  m_PrefabInternal: {fileID: 100100000}
  m_GameObject: {fileID: 1303728667493644}
  m_LocalRotation: {x: 0.00000012676608, y: 0.021146156, z: 0.00000010642436, w: 0.9997764}
  m_LocalPosition: {x: -3.1406317, y: -0.00000055134296, z: 0.00000044703484}
  m_LocalScale: {x: 0.9999998, y: 0.9999998, z: 0.9999998}
  m_Children:
  - {fileID: 4119102785403424}
  m_Father: {fileID: 4147908156333598}
  m_RootOrder: 0
  m_LocalEulerAnglesHint: {x: 0, y: 0, z: 0}
--- !u!4 &4780593254095758
Transform:
  m_ObjectHideFlags: 1
  m_PrefabParentObject: {fileID: 0}
  m_PrefabInternal: {fileID: 100100000}
  m_GameObject: {fileID: 1729117980137166}
  m_LocalRotation: {x: -0.00000005435906, y: -0.03376696, z: 0.0000000045699085, w: 0.99942976}
  m_LocalPosition: {x: -2.2352219, y: -0.00000086426735, z: -0.0000005662441}
  m_LocalScale: {x: 1, y: 1, z: 0.99999976}
  m_Children: []
  m_Father: {fileID: 4219906469873350}
  m_RootOrder: 0
  m_LocalEulerAnglesHint: {x: 0, y: 0, z: 0}
--- !u!4 &4924400438851208
Transform:
  m_ObjectHideFlags: 1
  m_PrefabParentObject: {fileID: 0}
  m_PrefabInternal: {fileID: 100100000}
  m_GameObject: {fileID: 1117314636997734}
  m_LocalRotation: {x: -0.5986262, y: 0.6034247, z: 0.34781376, w: 0.3956651}
  m_LocalPosition: {x: 0.084525764, y: -0.73339605, z: 7.2388835}
  m_LocalScale: {x: 1.0000005, y: 1, z: 1.0000001}
  m_Children: []
  m_Father: {fileID: 4732981860192614}
  m_RootOrder: 1
  m_LocalEulerAnglesHint: {x: 0, y: 0, z: 0}
--- !u!4 &4928552740453230
Transform:
  m_ObjectHideFlags: 1
  m_PrefabParentObject: {fileID: 0}
  m_PrefabInternal: {fileID: 100100000}
  m_GameObject: {fileID: 1256970027653664}
  m_LocalRotation: {x: 0, y: -0, z: -0.7071067, w: 0.7071068}
  m_LocalPosition: {x: -2.8525877, y: 4.9714656, z: -5.3774266}
  m_LocalScale: {x: 0.047912024, y: 0.047912024, z: 0.047912024}
  m_Children: []
  m_Father: {fileID: 4732981860192614}
  m_RootOrder: 3
  m_LocalEulerAnglesHint: {x: 0, y: 0, z: 0}
--- !u!4 &4949732815592584
Transform:
  m_ObjectHideFlags: 1
  m_PrefabParentObject: {fileID: 0}
  m_PrefabInternal: {fileID: 100100000}
  m_GameObject: {fileID: 1379476793710370}
  m_LocalRotation: {x: 0.50000006, y: 0.49999997, z: -0.49999997, w: 0.50000006}
  m_LocalPosition: {x: 0.02826088, y: 4.9714656, z: 1.370551}
  m_LocalScale: {x: 1, y: 1, z: 1}
  m_Children:
  - {fileID: 4115334873426858}
  - {fileID: 4282478220254142}
  - {fileID: 4230818661116778}
  m_Father: {fileID: 4732981860192614}
  m_RootOrder: 0
  m_LocalEulerAnglesHint: {x: 0, y: 0, z: 0}
--- !u!95 &95256785187135500
Animator:
  serializedVersion: 3
  m_ObjectHideFlags: 1
  m_PrefabParentObject: {fileID: 0}
  m_PrefabInternal: {fileID: 100100000}
  m_GameObject: {fileID: 1887379112075794}
  m_Enabled: 1
  m_Avatar: {fileID: 9000000, guid: fc42d2e756b224140ae6b487e700ea64, type: 3}
  m_Controller: {fileID: 9100000, guid: cb327caf00b58c54dbd808555fb36f2b, type: 2}
  m_CullingMode: 1
  m_UpdateMode: 0
  m_ApplyRootMotion: 0
  m_LinearVelocityBlending: 0
  m_WarningMessage: 
  m_HasTransformHierarchy: 1
  m_AllowConstantClipSamplingOptimization: 1
--- !u!137 &137247444421833040
SkinnedMeshRenderer:
  m_ObjectHideFlags: 1
  m_PrefabParentObject: {fileID: 0}
  m_PrefabInternal: {fileID: 100100000}
  m_GameObject: {fileID: 1558057926392082}
  m_Enabled: 1
  m_CastShadows: 1
  m_ReceiveShadows: 1
  m_DynamicOccludee: 1
  m_MotionVectors: 1
  m_LightProbeUsage: 1
  m_ReflectionProbeUsage: 1
  m_Materials:
  - {fileID: 2100000, guid: 6df8ba973abf5344aa673a6ef668c39c, type: 2}
  m_StaticBatchInfo:
    firstSubMesh: 0
    subMeshCount: 0
  m_StaticBatchRoot: {fileID: 0}
  m_ProbeAnchor: {fileID: 0}
  m_LightProbeVolumeOverride: {fileID: 0}
  m_ScaleInLightmap: 1
  m_PreserveUVs: 0
  m_IgnoreNormalsForChartDetection: 0
  m_ImportantGI: 0
  m_StitchLightmapSeams: 0
  m_SelectedEditorRenderState: 3
  m_MinimumChartSize: 4
  m_AutoUVMaxDistance: 0.5
  m_AutoUVMaxAngle: 89
  m_LightmapParameters: {fileID: 0}
  m_SortingLayerID: 0
  m_SortingLayer: 0
  m_SortingOrder: 0
  serializedVersion: 2
  m_Quality: 0
  m_UpdateWhenOffscreen: 0
  m_SkinnedMotionVectors: 1
  m_Mesh: {fileID: 4300006, guid: fc42d2e756b224140ae6b487e700ea64, type: 3}
  m_Bones:
  - {fileID: 4949732815592584}
  - {fileID: 4115334873426858}
  - {fileID: 4618370889604198}
  - {fileID: 4135349668381610}
  - {fileID: 4131978984157300}
  - {fileID: 4219906469873350}
  - {fileID: 4780593254095758}
  - {fileID: 4265994382876514}
  - {fileID: 4147908156333598}
  - {fileID: 4769997378755840}
  - {fileID: 4119102785403424}
  - {fileID: 4181693998039474}
  - {fileID: 4355870885411596}
  - {fileID: 4282478220254142}
  - {fileID: 4642949296800230}
  - {fileID: 4673885382571284}
  - {fileID: 4230818661116778}
  - {fileID: 4374470650003978}
  - {fileID: 4259821360047044}
  - {fileID: 4924400438851208}
  - {fileID: 4441103115093190}
  - {fileID: 4928552740453230}
  m_BlendShapeWeights: []
  m_RootBone: {fileID: 4949732815592584}
  m_AABB:
    m_Center: {x: 6.739313, y: -2.8692155, z: -0.04499033}
    m_Extent: {x: 0, y: 0.109942436, z: 0.11421536}
  m_DirtyAABB: 0
--- !u!137 &137397453765656246
SkinnedMeshRenderer:
  m_ObjectHideFlags: 1
  m_PrefabParentObject: {fileID: 0}
  m_PrefabInternal: {fileID: 100100000}
  m_GameObject: {fileID: 1321219482489656}
  m_Enabled: 1
  m_CastShadows: 1
  m_ReceiveShadows: 1
  m_DynamicOccludee: 1
  m_MotionVectors: 1
  m_LightProbeUsage: 1
  m_ReflectionProbeUsage: 1
  m_Materials:
  - {fileID: 2100000, guid: ddbdb5a0713bc104abdaca8a1376c210, type: 2}
  m_StaticBatchInfo:
    firstSubMesh: 0
    subMeshCount: 0
  m_StaticBatchRoot: {fileID: 0}
  m_ProbeAnchor: {fileID: 0}
  m_LightProbeVolumeOverride: {fileID: 0}
  m_ScaleInLightmap: 1
  m_PreserveUVs: 0
  m_IgnoreNormalsForChartDetection: 0
  m_ImportantGI: 0
  m_StitchLightmapSeams: 0
  m_SelectedEditorRenderState: 3
  m_MinimumChartSize: 4
  m_AutoUVMaxDistance: 0.5
  m_AutoUVMaxAngle: 89
  m_LightmapParameters: {fileID: 0}
  m_SortingLayerID: 0
  m_SortingLayer: 0
  m_SortingOrder: 0
  serializedVersion: 2
  m_Quality: 0
  m_UpdateWhenOffscreen: 0
  m_SkinnedMotionVectors: 1
  m_Mesh: {fileID: 4300008, guid: fc42d2e756b224140ae6b487e700ea64, type: 3}
  m_Bones:
  - {fileID: 4949732815592584}
  - {fileID: 4115334873426858}
  - {fileID: 4618370889604198}
  - {fileID: 4135349668381610}
  - {fileID: 4131978984157300}
  - {fileID: 4219906469873350}
  - {fileID: 4780593254095758}
  - {fileID: 4265994382876514}
  - {fileID: 4147908156333598}
  - {fileID: 4769997378755840}
  - {fileID: 4119102785403424}
  - {fileID: 4181693998039474}
  - {fileID: 4355870885411596}
  - {fileID: 4282478220254142}
  - {fileID: 4642949296800230}
  - {fileID: 4673885382571284}
  - {fileID: 4230818661116778}
  - {fileID: 4374470650003978}
  - {fileID: 4259821360047044}
  - {fileID: 4924400438851208}
  - {fileID: 4441103115093190}
  - {fileID: 4928552740453230}
  m_BlendShapeWeights: []
  m_RootBone: {fileID: 4949732815592584}
  m_AABB:
    m_Center: {x: 6.745863, y: 2.8766913, z: -0.0109902695}
    m_Extent: {x: 0, y: 0.02685523, z: 0.027898885}
  m_DirtyAABB: 0
--- !u!137 &137501087658856544
SkinnedMeshRenderer:
  m_ObjectHideFlags: 1
  m_PrefabParentObject: {fileID: 0}
  m_PrefabInternal: {fileID: 100100000}
  m_GameObject: {fileID: 1495585803518728}
  m_Enabled: 1
  m_CastShadows: 1
  m_ReceiveShadows: 1
  m_DynamicOccludee: 1
  m_MotionVectors: 1
  m_LightProbeUsage: 1
  m_ReflectionProbeUsage: 1
  m_Materials:
  - {fileID: 2100000, guid: 10f8caf0b300de14ab10447261045d90, type: 2}
  - {fileID: 2100000, guid: c16c04ce773c2534a90ee530e7fc8386, type: 2}
  m_StaticBatchInfo:
    firstSubMesh: 0
    subMeshCount: 0
  m_StaticBatchRoot: {fileID: 0}
  m_ProbeAnchor: {fileID: 0}
  m_LightProbeVolumeOverride: {fileID: 0}
  m_ScaleInLightmap: 1
  m_PreserveUVs: 0
  m_IgnoreNormalsForChartDetection: 0
  m_ImportantGI: 0
  m_StitchLightmapSeams: 0
  m_SelectedEditorRenderState: 3
  m_MinimumChartSize: 4
  m_AutoUVMaxDistance: 0.5
  m_AutoUVMaxAngle: 89
  m_LightmapParameters: {fileID: 0}
  m_SortingLayerID: 0
  m_SortingLayer: 0
  m_SortingOrder: 0
  serializedVersion: 2
  m_Quality: 0
  m_UpdateWhenOffscreen: 0
  m_SkinnedMotionVectors: 1
  m_Mesh: {fileID: 4300004, guid: fc42d2e756b224140ae6b487e700ea64, type: 3}
  m_Bones:
  - {fileID: 4949732815592584}
  - {fileID: 4115334873426858}
  - {fileID: 4618370889604198}
  - {fileID: 4135349668381610}
  - {fileID: 4131978984157300}
  - {fileID: 4219906469873350}
  - {fileID: 4780593254095758}
  - {fileID: 4265994382876514}
  - {fileID: 4147908156333598}
  - {fileID: 4769997378755840}
  - {fileID: 4119102785403424}
  - {fileID: 4181693998039474}
  - {fileID: 4355870885411596}
  - {fileID: 4282478220254142}
  - {fileID: 4642949296800230}
  - {fileID: 4673885382571284}
  - {fileID: 4230818661116778}
  - {fileID: 4374470650003978}
  - {fileID: 4259821360047044}
  - {fileID: 4924400438851208}
  - {fileID: 4441103115093190}
  - {fileID: 4928552740453230}
  m_BlendShapeWeights: []
  m_RootBone: {fileID: 4949732815592584}
  m_AABB:
    m_Center: {x: -10.042974, y: -0.07716513, z: 3.989297}
    m_Extent: {x: 9.981031, y: 6.648426, z: 9.320443}
  m_DirtyAABB: 0
--- !u!137 &137648343701705196
SkinnedMeshRenderer:
  m_ObjectHideFlags: 1
  m_PrefabParentObject: {fileID: 0}
  m_PrefabInternal: {fileID: 100100000}
  m_GameObject: {fileID: 1047587753005534}
  m_Enabled: 1
  m_CastShadows: 1
  m_ReceiveShadows: 1
  m_DynamicOccludee: 1
  m_MotionVectors: 1
  m_LightProbeUsage: 1
  m_ReflectionProbeUsage: 1
  m_Materials:
  - {fileID: 2100000, guid: 654813695f8f5694786a0d17bb05fe8a, type: 2}
  - {fileID: 2100000, guid: 7e44b4b8c4aa2e84195bac9d88848641, type: 2}
  - {fileID: 2100000, guid: b41ac9a120040b948b3c670f3128324b, type: 2}
  - {fileID: 2100000, guid: 1b1f235ec4e262347951655223b48f31, type: 2}
  - {fileID: 2100000, guid: c224db50796e68d42955511be3d68113, type: 2}
  - {fileID: 2100000, guid: 5242229797780b94b81bb4c1a4160460, type: 2}
  m_StaticBatchInfo:
    firstSubMesh: 0
    subMeshCount: 0
  m_StaticBatchRoot: {fileID: 0}
  m_ProbeAnchor: {fileID: 0}
  m_LightProbeVolumeOverride: {fileID: 0}
  m_ScaleInLightmap: 1
  m_PreserveUVs: 0
  m_IgnoreNormalsForChartDetection: 0
  m_ImportantGI: 0
  m_StitchLightmapSeams: 0
  m_SelectedEditorRenderState: 3
  m_MinimumChartSize: 4
  m_AutoUVMaxDistance: 0.5
  m_AutoUVMaxAngle: 89
  m_LightmapParameters: {fileID: 0}
  m_SortingLayerID: 0
  m_SortingLayer: 0
  m_SortingOrder: 0
  serializedVersion: 2
  m_Quality: 0
  m_UpdateWhenOffscreen: 0
  m_SkinnedMotionVectors: 1
  m_Mesh: {fileID: 4300002, guid: fc42d2e756b224140ae6b487e700ea64, type: 3}
  m_Bones:
  - {fileID: 4949732815592584}
  - {fileID: 4115334873426858}
  - {fileID: 4618370889604198}
  - {fileID: 4135349668381610}
  - {fileID: 4131978984157300}
  - {fileID: 4219906469873350}
  - {fileID: 4780593254095758}
  - {fileID: 4265994382876514}
  - {fileID: 4147908156333598}
  - {fileID: 4769997378755840}
  - {fileID: 4119102785403424}
  - {fileID: 4181693998039474}
  - {fileID: 4355870885411596}
  - {fileID: 4282478220254142}
  - {fileID: 4642949296800230}
  - {fileID: 4673885382571284}
  - {fileID: 4230818661116778}
  - {fileID: 4374470650003978}
  - {fileID: 4259821360047044}
  - {fileID: 4924400438851208}
  - {fileID: 4441103115093190}
  - {fileID: 4928552740453230}
  m_BlendShapeWeights: []
  m_RootBone: {fileID: 4949732815592584}
  m_AABB:
    m_Center: {x: -10.733039, y: -0.3023138, z: -4.5476}
    m_Extent: {x: 15.63115, y: 7.334545, z: 11.6179085}
  m_DirtyAABB: 0
--- !u!137 &137653608596797264
SkinnedMeshRenderer:
  m_ObjectHideFlags: 1
  m_PrefabParentObject: {fileID: 0}
  m_PrefabInternal: {fileID: 100100000}
  m_GameObject: {fileID: 1695201205195684}
  m_Enabled: 1
  m_CastShadows: 1
  m_ReceiveShadows: 1
  m_DynamicOccludee: 1
  m_MotionVectors: 1
  m_LightProbeUsage: 1
  m_ReflectionProbeUsage: 1
  m_Materials:
  - {fileID: 2100000, guid: e73d9471c225c144bba51f0c0d4e7296, type: 2}
  m_StaticBatchInfo:
    firstSubMesh: 0
    subMeshCount: 0
  m_StaticBatchRoot: {fileID: 0}
  m_ProbeAnchor: {fileID: 0}
  m_LightProbeVolumeOverride: {fileID: 0}
  m_ScaleInLightmap: 1
  m_PreserveUVs: 0
  m_IgnoreNormalsForChartDetection: 0
  m_ImportantGI: 0
  m_StitchLightmapSeams: 0
  m_SelectedEditorRenderState: 3
  m_MinimumChartSize: 4
  m_AutoUVMaxDistance: 0.5
  m_AutoUVMaxAngle: 89
  m_LightmapParameters: {fileID: 0}
  m_SortingLayerID: 0
  m_SortingLayer: 0
  m_SortingOrder: 0
  serializedVersion: 2
  m_Quality: 0
  m_UpdateWhenOffscreen: 0
  m_SkinnedMotionVectors: 1
  m_Mesh: {fileID: 4300000, guid: fc42d2e756b224140ae6b487e700ea64, type: 3}
  m_Bones:
  - {fileID: 4949732815592584}
  - {fileID: 4115334873426858}
  - {fileID: 4618370889604198}
  - {fileID: 4135349668381610}
  - {fileID: 4131978984157300}
  - {fileID: 4219906469873350}
  - {fileID: 4780593254095758}
  - {fileID: 4265994382876514}
  - {fileID: 4147908156333598}
  - {fileID: 4769997378755840}
  - {fileID: 4119102785403424}
  - {fileID: 4181693998039474}
  - {fileID: 4355870885411596}
  - {fileID: 4282478220254142}
  - {fileID: 4642949296800230}
  - {fileID: 4673885382571284}
  - {fileID: 4230818661116778}
  - {fileID: 4374470650003978}
  - {fileID: 4259821360047044}
  - {fileID: 4924400438851208}
  - {fileID: 4441103115093190}
  - {fileID: 4928552740453230}
  m_BlendShapeWeights: []
  m_RootBone: {fileID: 4949732815592584}
  m_AABB:
    m_Center: {x: -18.381794, y: -0.36623073, z: -9.39249}
    m_Extent: {x: 9.732613, y: 8.288876, z: 9.496485}
  m_DirtyAABB: 0
