%YAML 1.1
%TAG !u! tag:unity3d.com,2011:
--- !u!1001 &100100000
Prefab:
  m_ObjectHideFlags: 1
  serializedVersion: 2
  m_Modification:
    m_TransformParent: {fileID: 0}
    m_Modifications: []
    m_RemovedComponents: []
  m_ParentPrefab: {fileID: 0}
  m_RootGameObject: {fileID: 1752430380126956}
  m_IsPrefabParent: 1
--- !u!1 &1481022903518308
GameObject:
  m_ObjectHideFlags: 0
  m_PrefabParentObject: {fileID: 0}
  m_PrefabInternal: {fileID: 100100000}
  serializedVersion: 5
  m_Component:
  - component: {fileID: 4126815579512838}
  - component: {fileID: 33655968584690860}
  - component: {fileID: 23428623272006354}
  - component: {fileID: 65830155567544250}
  m_Layer: 0
  m_Name: Cube_011
  m_TagString: Untagged
  m_Icon: {fileID: 0}
  m_NavMeshLayer: 0
  m_StaticEditorFlags: 0
  m_IsActive: 1
--- !u!1 &1752430380126956
GameObject:
  m_ObjectHideFlags: 0
  m_PrefabParentObject: {fileID: 0}
  m_PrefabInternal: {fileID: 100100000}
  serializedVersion: 5
  m_Component:
  - component: {fileID: 4442558291128706}
  - component: {fileID: 95998162820601666}
  m_Layer: 0
  m_Name: Pagar
  m_TagString: Untagged
  m_Icon: {fileID: 0}
  m_NavMeshLayer: 0
  m_StaticEditorFlags: 0
  m_IsActive: 1
--- !u!1 &1888217842130114
GameObject:
  m_ObjectHideFlags: 0
  m_PrefabParentObject: {fileID: 0}
  m_PrefabInternal: {fileID: 100100000}
  serializedVersion: 5
  m_Component:
  - component: {fileID: 4728732976921356}
  - component: {fileID: 33975674012656822}
  - component: {fileID: 23805100109079284}
  - component: {fileID: 65784736521532136}
  m_Layer: 0
  m_Name: Cube_005
  m_TagString: Untagged
  m_Icon: {fileID: 0}
  m_NavMeshLayer: 0
  m_StaticEditorFlags: 0
  m_IsActive: 1
--- !u!4 &4126815579512838
Transform:
  m_ObjectHideFlags: 1
  m_PrefabParentObject: {fileID: 0}
  m_PrefabInternal: {fileID: 100100000}
  m_GameObject: {fileID: 1481022903518308}
  m_LocalRotation: {x: -4.741566e-10, y: 0.9999831, z: -0.000000081458964, w: -0.005820705}
  m_LocalPosition: {x: 1.8550904, y: 0.3503693, z: -0.6228652}
  m_LocalScale: {x: 0.54445237, y: 0.54445237, z: 0.54445237}
  m_Children: []
  m_Father: {fileID: 4442558291128706}
  m_RootOrder: 1
  m_LocalEulerAnglesHint: {x: 0, y: 0, z: 0}
--- !u!4 &4442558291128706
Transform:
  m_ObjectHideFlags: 1
  m_PrefabParentObject: {fileID: 0}
  m_PrefabInternal: {fileID: 100100000}
  m_GameObject: {fileID: 1752430380126956}
  m_LocalRotation: {x: -0, y: 0.7071068, z: -0, w: 0.7071068}
  m_LocalPosition: {x: 5.45, y: 1.2, z: 0.29}
  m_LocalScale: {x: 4, y: 4, z: 4}
  m_Children:
  - {fileID: 4728732976921356}
  - {fileID: 4126815579512838}
  m_Father: {fileID: 0}
  m_RootOrder: 0
  m_LocalEulerAnglesHint: {x: 0, y: 90, z: 0}
--- !u!4 &4728732976921356
Transform:
  m_ObjectHideFlags: 1
  m_PrefabParentObject: {fileID: 0}
  m_PrefabInternal: {fileID: 100100000}
  m_GameObject: {fileID: 1888217842130114}
  m_LocalRotation: {x: -8.6110274e-10, y: 0.99994415, z: -0.000000081455795, w: -0.010570821}
  m_LocalPosition: {x: -0.039254963, y: 0.35037562, z: -0.60236585}
  m_LocalScale: {x: 0.5444524, y: 0.54445237, z: 0.5444524}
  m_Children: []
  m_Father: {fileID: 4442558291128706}
  m_RootOrder: 0
  m_LocalEulerAnglesHint: {x: 0, y: 0, z: 0}
--- !u!23 &23428623272006354
MeshRenderer:
  m_ObjectHideFlags: 1
  m_PrefabParentObject: {fileID: 0}
  m_PrefabInternal: {fileID: 100100000}
  m_GameObject: {fileID: 1481022903518308}
  m_Enabled: 1
  m_CastShadows: 1
  m_ReceiveShadows: 1
  m_DynamicOccludee: 1
  m_MotionVectors: 1
  m_LightProbeUsage: 1
  m_ReflectionProbeUsage: 1
  m_Materials:
  - {fileID: 2100008, guid: 1a452edf40fa510429f0d6fa157ad7a3, type: 3}
  - {fileID: 2100010, guid: 1a452edf40fa510429f0d6fa157ad7a3, type: 3}
  - {fileID: 2100012, guid: 1a452edf40fa510429f0d6fa157ad7a3, type: 3}
  - {fileID: 2100014, guid: 1a452edf40fa510429f0d6fa157ad7a3, type: 3}
  - {fileID: 2100016, guid: 1a452edf40fa510429f0d6fa157ad7a3, type: 3}
  - {fileID: 2100018, guid: 1a452edf40fa510429f0d6fa157ad7a3, type: 3}
  - {fileID: 2100020, guid: 1a452edf40fa510429f0d6fa157ad7a3, type: 3}
  m_StaticBatchInfo:
    firstSubMesh: 0
    subMeshCount: 0
  m_StaticBatchRoot: {fileID: 0}
  m_ProbeAnchor: {fileID: 0}
  m_LightProbeVolumeOverride: {fileID: 0}
  m_ScaleInLightmap: 1
  m_PreserveUVs: 0
  m_IgnoreNormalsForChartDetection: 0
  m_ImportantGI: 0
  m_StitchLightmapSeams: 0
  m_SelectedEditorRenderState: 3
  m_MinimumChartSize: 4
  m_AutoUVMaxDistance: 0.5
  m_AutoUVMaxAngle: 89
  m_LightmapParameters: {fileID: 0}
  m_SortingLayerID: 0
  m_SortingLayer: 0
  m_SortingOrder: 0
--- !u!23 &23805100109079284
MeshRenderer:
  m_ObjectHideFlags: 1
  m_PrefabParentObject: {fileID: 0}
  m_PrefabInternal: {fileID: 100100000}
  m_GameObject: {fileID: 1888217842130114}
  m_Enabled: 1
  m_CastShadows: 1
  m_ReceiveShadows: 1
  m_DynamicOccludee: 1
  m_MotionVectors: 1
  m_LightProbeUsage: 1
  m_ReflectionProbeUsage: 1
  m_Materials:
  - {fileID: 2100000, guid: 1a452edf40fa510429f0d6fa157ad7a3, type: 3}
  - {fileID: 2100002, guid: 1a452edf40fa510429f0d6fa157ad7a3, type: 3}
  - {fileID: 2100004, guid: 1a452edf40fa510429f0d6fa157ad7a3, type: 3}
  - {fileID: 2100006, guid: 1a452edf40fa510429f0d6fa157ad7a3, type: 3}
  m_StaticBatchInfo:
    firstSubMesh: 0
    subMeshCount: 0
  m_StaticBatchRoot: {fileID: 0}
  m_ProbeAnchor: {fileID: 0}
  m_LightProbeVolumeOverride: {fileID: 0}
  m_ScaleInLightmap: 1
  m_PreserveUVs: 0
  m_IgnoreNormalsForChartDetection: 0
  m_ImportantGI: 0
  m_StitchLightmapSeams: 0
  m_SelectedEditorRenderState: 3
  m_MinimumChartSize: 4
  m_AutoUVMaxDistance: 0.5
  m_AutoUVMaxAngle: 89
  m_LightmapParameters: {fileID: 0}
  m_SortingLayerID: 0
  m_SortingLayer: 0
  m_SortingOrder: 0
--- !u!33 &33655968584690860
MeshFilter:
  m_ObjectHideFlags: 1
  m_PrefabParentObject: {fileID: 0}
  m_PrefabInternal: {fileID: 100100000}
  m_GameObject: {fileID: 1481022903518308}
  m_Mesh: {fileID: 4300002, guid: 1a452edf40fa510429f0d6fa157ad7a3, type: 3}
--- !u!33 &33975674012656822
MeshFilter:
  m_ObjectHideFlags: 1
  m_PrefabParentObject: {fileID: 0}
  m_PrefabInternal: {fileID: 100100000}
  m_GameObject: {fileID: 1888217842130114}
  m_Mesh: {fileID: 4300000, guid: 1a452edf40fa510429f0d6fa157ad7a3, type: 3}
--- !u!65 &65784736521532136
BoxCollider:
  m_ObjectHideFlags: 1
  m_PrefabParentObject: {fileID: 0}
  m_PrefabInternal: {fileID: 100100000}
  m_GameObject: {fileID: 1888217842130114}
  m_Material: {fileID: 0}
  m_IsTrigger: 0
  m_Enabled: 1
  serializedVersion: 2
  m_Size: {x: 2.319642, y: 1.21839, z: 0.16551907}
  m_Center: {x: 1.028931, y: 1.0063887e-15, z: 0.025525516}
--- !u!65 &65830155567544250
BoxCollider:
  m_ObjectHideFlags: 1
  m_PrefabParentObject: {fileID: 0}
  m_PrefabInternal: {fileID: 100100000}
  m_GameObject: {fileID: 1481022903518308}
  m_Material: {fileID: 0}
  m_IsTrigger: 0
  m_Enabled: 1
  serializedVersion: 2
  m_Size: {x: 6.91, y: 1.21839, z: 0.16551906}
  m_Center: {x: 0.03855802, y: -0.00000011920929, z: 0.02552551}
--- !u!95 &95998162820601666
Animator:
  serializedVersion: 3
  m_ObjectHideFlags: 1
  m_PrefabParentObject: {fileID: 0}
  m_PrefabInternal: {fileID: 100100000}
  m_GameObject: {fileID: 1752430380126956}
  m_Enabled: 1
  m_Avatar: {fileID: 9000000, guid: 1a452edf40fa510429f0d6fa157ad7a3, type: 3}
  m_Controller: {fileID: 0}
  m_CullingMode: 0
  m_UpdateMode: 0
  m_ApplyRootMotion: 0
  m_LinearVelocityBlending: 0
  m_WarningMessage: 
  m_HasTransformHierarchy: 1
  m_AllowConstantClipSamplingOptimization: 1
